@article{2017:ga_nature,
    author      =   {{Chia Cheng Chang, Amy Nicholson, Enrico Rinaldi, Evan Berkowitz, Nicholas Garron, David A. Brantley, H. Monge-Camacho, Chris Monahan, Chris Bouchard, M.A. Clark, B\'{a}lint Jo\'{o}, Thorsten Kurth, Kostas Orginos, Pavlos Vranas, and Andr\'{e} Walker-Loud}},
    title       =   {{A per-cent-level determination of the nucleon axial coupling from Quantum Chromodynamics}},
    journal     =   {Nature},
    volume      =   {558},
    pages       =   {91-94},
    issue       =   {7708},
    year        =   {2018},
    doi         =   {10.1038/s41586-018-0161-8},
    note        =   {DOI:\href{https://doi.org/10.1038/s41586-018-0161-8}{10.1038/s41586-018-0161-8}},
    eprint      =   {\href{https://arxiv.org/abs/1805.12130}{hep-lat/1805.12130}}
}

@article{2017:ga_proceedings,
    author      =   {{Chia Cheng Chang, Amy Nicholson, Enrico Rinaldi, Evan Berkowitz, Nicolas Garron, David Brantley, Henry Monge-Camacho, Chris Monahan, Chris Bouchard, M.A. Clark, B\'{a}lint Jo\'{o}, Thorsten Kurth, Kostas Orginos, Pavlos Vranas, and Andr\'{e} Walker-Loud}},
    title       =   {{Nucleon axial coupling from Lattice QCD}},
    year        =   {2017},
    journal     =   {\href{https://doi.org/10.1051/epjconf/201817501008}{EPJ(Lattice 2017)21}},
    eprint      =   {\href{https://arxiv.org/abs/1710.06523}{hep-lat/1710.06523}},
    doi         =   {10.1051/epjconf/201817501008}
}

@article{2017:ga_long,
    author      =   {{Evan Berkowitz, David Brantley, Chris Bouchard, Chia Cheng Chang, M. A. Clark, Nicholas Garron, B\'{a}lint Jo\'{o}, Thorsten Kurth, Chris Monahan, Henry Monge-Camacho, Amy Nicholson, Kostas Orginos, Enrico Rinaldi, Pavlos Vranas, and Andr\'{e} Walker-Loud}},
    title       =   {{An Accurate Calculation of the Nucleon Axial Charge with Lattice QCD}},
    year        =   {2017},
    url         =   {https://arxiv.org/abs/1704.01114},
    eprint      =   {\href{https://arxiv.org/abs/1704.01114}{hep-lat/1704.01114}}
}